@online{pop-mech,
	title        = {Riddle of the Week \#43: Knights and Knaves, Part 1},
	author       = {Jay Bennett},
	organization = {Merriam-Webster},
	date         = {2018, February 15},
%	urldate      = {},
	url          = {https://www.popularmechanics.com/science/math/a14382121/riddle-of-the-week-43-knights-and-knaves-part-1/},
	keywords     = {trusted},
}

@online{discrete-defn,
	title        = {Discrete},
	organization = {Merriam-Webster},
%	date         = {},
%	urldate      = {},
	url          = {https://www.merriam-webster.com/dictionary/discrete},
	keywords     = {trusted},
}

@online{logic-defn,
	title        = {Logic},
	organization = {Merriam-Webster},
%	date         = {},
%	urldate      = {},
	url          = {https://www.merriam-webster.com/dictionary/logic},
	keywords     = {trusted},
}
